@article{girardeau1960relationship,
  title={Relationship between systems of impenetrable bosons and fermions in one dimension},
  author={Girardeau, Marvin},
  journal={Journal of Mathematical Physics},
  volume={1},
  number={6},
  pages={516--523},
  year={1960},
  publisher={AIP}
}
@article{yang2015strongly,
  title={Strongly interacting quantum gases in one-dimensional traps},
  author={Yang, Li and Guan, Liming and Pu, Han},
  journal={Physical Review A},
  volume={91},
  number={4},
  pages={043634},
  year={2015},
  publisher={APS}
}
@book{zel1998quantum,
  title={Quantum mechanics: selected topics},
  author={Zel'dovich, Yakov B and others},
  year={1998},
  publisher={World Scientific}
}
@article{minguzzi2005exact,
  title={Exact coherent states of a harmonically confined Tonks-Girardeau gas},
  author={Minguzzi, A and Gangardt, DM},
  journal={Physical review letters},
  volume={94},
  number={24},
  pages={240404},
  year={2005},
  publisher={APS}
}